@misc{bray2000extensible,
  title={Extensible markup language (XML) 1.0},
  author={Bray, Tim and Paoli, Jean and Sperberg-McQueen, C Michael and Maler, Eve and Yergeau, Franois},
  year={2000},
  publisher={W3C recommendation October}
}


@article{paiva2016ilearntest,
  title={iLearnTest--framework for educational games},
  author={Paiva, Ana CR and Flores, Nuno H and Barbosa, Andr{\'e} G and Ribeiro, T{\^a}nia PB},
  journal={Procedia-Social and Behavioral Sciences},
  volume={228},
  pages={443--448},
  year={2016},
  publisher={Elsevier}
}

@misc{abntex2-wiki-como-customizar,
	Author = {abnTeX2},
	Date-Added = {2013-03-23 21:39:21 +0000},
	Date-Modified = {2013-03-23 21:44:20 +0000},
	Howpublished = {Wiki do abnTeX2},
	Keywords = {wiki},
	Title = {Como customizar o abnTeX2},
	Url = {https://code.google.com/p/abntex2/wiki/ComoCustomizar},
	Urlaccessdate = {23.3.2013},
	Year = {2013},
	Bdsk-Url-1 = {https://code.google.com/p/abntex2/wiki/ComoCustomizar}}

@manual{talbot2012,
	Author = {Nicola L.C. Talbot},
	Date-Added = {2013-03-11 12:06:04 +0000},
	Date-Modified = {2013-03-11 12:06:56 +0000},
	Month = {11},
	Title = {User Manual for glossaries.sty},
	Url = {http://mirrors.ctan.org/macros/latex/contrib/glossaries/glossaries-user.pdf},
	Urlaccessdate = {11.3.2013},
	Year = {2012},
	Bdsk-Url-1 = {http://mirrors.ctan.org/macros/latex/contrib/glossaries/glossaries-user.pdf}}


@mastersthesis{araujo2012,
	Address = {Bras{\'\i}lia},
	Author = {Lauro C{\'e}sar Araujo},
	Date-Added = {2013-01-09 11:04:42 +0000},
	Date-Modified = {2013-01-09 11:04:42 +0000},
	Month = {Mar{\c c}o},
	School = {Universidade de Bras{\'\i}lia},
	Subtitle = {uma perspectiva de Arquitetura da Informa{\c c}{\~a}o da Escola de Bras{\'\i}lia},
	Title = {Configura{\c c}{\~a}o},
	Year = {2012}}

@phdthesis{guizzardi2005,
	Address = {Enschede, The Netherlands},
	Author = {Giancarlo Guizzardi},
	Date-Added = {2012-04-23 11:35:28 +0000},
	Date-Modified = {2012-04-23 11:35:28 +0000},
	School = {Centre for Telematics and Information Technology, University of Twente},
	Title = {Ontological Foundations for Structural Conceptual Models},
	Url = {http://www.loa.istc.cnr.it/Guizzardi/SELMAS-CR.pdf},
	Urlaccessdate = {3.7.2011},
	Year = {2005},
	Bdsk-Url-1 = {http://www.loa.istc.cnr.it/Guizzardi/SELMAS-CR.pdf}}


@book{doxiadis1965,
	Author = {Constantinos A. Doxiadis},
	Date-Added = {2012-04-23 11:34:20 +0000},
	Date-Modified = {2012-04-23 11:34:20 +0000},
	Publisher = {Ceira - Coimbra},
	Title = {Arquitetura em Transi{\c c}{\~a}o},
	Year = {1965}}

	
@article{fulano,
  title={Fulanologia aplicada à aq{\"u}icultura},
  author={Fulano, José da Silva},
  journal={Jaboticabal: Funep},
  year={1995}
}

@article{milgrom1990rationalizability,
  title={Rationalizability, learning, and equilibrium in games with strategic complementarities},
  author={Milgrom, Paul and Roberts, John},
  journal={Econometrica: Journal of the Econometric Society},
  pages={1255--1277},
  year={1990},
  publisher={JSTOR}
}

@article{jayakanthan2002application,
  title={Application of computer games in the field of education},
  author={Jayakanthan, R},
  journal={The electronic library},
  volume={20},
  number={2},
  pages={98--102},
  year={2002},
  publisher={MCB UP Ltd}
}

@misc{kiwiGit,
  author = {BenjaminDRichards},
  title = {{Kiwi.js 1.4.0}},
  howpublished = "\url{https://github.com/gamelab/kiwi.js/commits/master}",
  year = {2015}, 
  note = "[Online; accessed 26-09-2019]"
}

@inproceedings{bierman2014understanding,
  title={Understanding typescript},
  author={Bierman, Gavin and Abadi, Mart{\'\i}n and Torgersen, Mads},
  booktitle={European Conference on Object-Oriented Programming},
  pages={257--281},
  year={2014},
  organization={Springer}
}

@phdthesis{riehle2000framework,
  title={Framework design: A role modeling approach},
  author={Riehle, Dirk},
  year={2000},
  school={ETH Zurich}
}

@article{liu2013effect,
  title={The effect of game-based learning on students’ learning performance in science learning--A case of “conveyance go”},
  author={Liu, Eric Zhi Feng and Chen, Po-Kuang},
  journal={Procedia-Social and Behavioral Sciences},
  volume={103},
  pages={1044--1051},
  year={2013},
  publisher={Elsevier}
}

@book{manderscheid2014beginning,
  title={Beginning HTML5 games with CreateJS},
  author={Manderscheid, Brad},
  year={2014},
  publisher={Apress}
}

@book{van2015learn,
  title={Learn Pixi. js},
  author={Van der Spuy, Rex},
  year={2015},
  publisher={Apress}
}

@book{faas2017introduction,
  title={An Introduction to HTML5 Game Development with Phaser. js},
  author={Faas, Travis},
  year={2017},
  publisher={AK Peters/CRC Press}
}

@misc{shappir2012performing,
  title={Performing binary composition of images onto an html canvas element},
  author={Shappir, Dan},
  year={2012},
  month=sep # "~27",
  publisher={Google Patents},
  note={US Patent App. 13/414,735}
}

@book{ferraiolo2000scalable,
  title={Scalable vector graphics (SVG) 1.0 specification},
  author={Ferraiolo, Jon and Jun, Fujisawa and Jackson, Dean},
  year={2000},
  publisher={iuniverse Bloomington}
}

@book{flanagan2006javascript,
  title={JavaScript: the definitive guide},
  author={Flanagan, David},
  year={2006},
  publisher={" O'Reilly Media, Inc."}
}

@article{ahmadian2011desnutrin,
  title={Desnutrin/ATGL is regulated by AMPK and is required for a brown adipose phenotype},
  author={Ahmadian, Maryam and Abbott, Marcia J and Tang, Tianyi and Hudak, Carolyn SS and Kim, Yangha and Bruss, Matthew and Hellerstein, Marc K and Lee, Hui-Young and Samuel, Varman T and Shulman, Gerald I and others},
  journal={Cell metabolism},
  volume={13},
  number={6},
  pages={739--748},
  year={2011},
  publisher={Elsevier}
}

@book{musciano1996html,
  title={HTML, the definitive Guide},
  author={Musciano, Chuck and Kennedy, Bill and others},
  year={1996},
  publisher={O'Reilly \& Associates}
}

@misc{Canvas:11,
    author    = {Chrisdavidmills and rwe2020 and mdnwebdocs-bot and Yaroslav_Yachmenov and klez and Sheppy and yhoyhoj and Andrew_Pfeiffer and teoli and Jeremie and vthayer and Purvaa},
    title     = {Canvas - MDN Web Docs Glossary: Definitions of Web-related terms},
    url = {https://developer.mozilla.org/en-US/docs/Glossary/Canvas},
    year = {2019}
}

@misc{SVG:11,
    author    = {avmjong Bah and Brian Birtles, Tolga Capin and Alex Danilo and Thomas DeWeese and Alexey Feldgendler and Vincent Hardy and Ian Hickson and Olaf Hoffmann and Daniel Holbert and Oliver Hunt and Anne van Kesteren and Takeshi Kurosawa and Paul Libbrecht and Robert Longson and Helder Magalhães and Robert O’Callahan and Olli Pettay and Antoine Quint and Kalle Raita and Tim Rowley and Peter Sorotokin and Henry S. Thompson and Jasper van de Gronde and Mohamed Zergaoui and Boris Zbarsky.},
    title     = {Scalable Vector Graphics (SVG) 1.1 (Second Edition)},
    url = {https://www.w3.org/TR/2011/REC-SVG11-20110816/},
    year = {2011}
}

@Book{Zichermann&Cunningham:11,
    author = {Gabe Zichermann and Christopher Cunningham},
    title = {Gamification by Design: Implementing Game Mechanics in Web and Mobile Apps},
    publisher = {O'Reilly Media},
    year ={2011},
    edition = {1th}
}

@article{Girard&Ecalle&Magnan:13,
    author = {Girard, C and Ecalle, Jean and Magnan, Annie},
    year = {2013},
    month = {06},
    pages = {},
    title = {Serious games as new educational tools: How effective are they? A meta-analysis of recent studies},
    volume = {29},
    journal = {Journal of Computer Assisted Learning},
    doi = {10.1111/j.1365-2729.2012.00489.x}
}

@book{Bekoff&DiMotta:08,
     author = {Marc Bekoff and Michael J. DiMotta},
     publisher = {Temple University Press},
     title = {Animals at Play: Rules of the Game},
     year = {2008}
}

@misc{Mills:19,
    author    = { Chris David Mills and rxdyx and wbamberg and Jedipedia and KevinSennes and fierayan and fscholz and famousgarkin and kscarfone and cvan andaustinhallock and teoli  and Sheppy},
    title     = {Introduction to game development for the Web},
    url = {https://developer.mozilla.org/en-US/docs/Games/Introduction},
    year = {2019}
}



@Book{knuth:84,
  author = 	 {Donald E. Knuth},
  title = 	 {The {\TeX} Book},
  publisher = 	 {Addison-Wesley},
  year = 	 {1984},
  edition = 	 {15th}
}

@InCollection{boulic:91,
  author = 	 {R. Boulic and O. Renault},
  title = 	 {3D Hierarchies for Animation},
  booktitle = 	 {New Trends in Animation and Visualization},
  publisher =    {John Wiley {\&} Sons ltd.},
  year = 	 {1991},
  editor = 	 {Nadia Magnenat-Thalmann and Daniel Thalmann}
}

@InCollection{smith:99,
  author = 	 {A. Smith and B. Jones},
  title = 	 {On the Complexity of Computing},
  booktitle = 	 {Advances in Computer Science},
  pages = 	 {555--566},
  publisher =    {Publishing Press},
  year = 	 {1999},
  editor = 	 {A. B. Smith-Jones}
}

